@misc{Openclassr,
  key = {openclassroom},
  title = {bouton},
  note = {\url{https://openclassrooms.com/fr/courses/26832-apprenez-a-programmer-en-java/23727-interagir-avec-des-boutons}}
}
@misc{tkinterDoc,
  key = {tkinter},
  title = {Tkinter},
  note = {\url{https://docs.python.org/2/library/tkinter.html}}
}

